<?xml version="1.0" encoding="UTF-8"?><collection><record><leader>06707ntm a2200613 a 4500</leader><controlfield tag="001">006805292</controlfield><controlfield tag="003">MiAaHDL</controlfield><controlfield tag="005">20190719000000.0</controlfield><controlfield tag="006">m        d        </controlfield><controlfield tag="007">cr bn ---auaua</controlfield><controlfield tag="008">090531s1516    xx            00| ||per d</controlfield><datafield tag="035" ind1=" " ind2=" "><subfield code="a">(MiU)006805292</subfield></datafield><datafield tag="035" ind1=" " ind2=" "><subfield code="a">sdr-miu006805292</subfield></datafield><datafield tag="040" ind1=" " ind2=" "><subfield code="a">MiU</subfield><subfield code="c">MiU</subfield><subfield code="e">amremm</subfield></datafield><datafield tag="041" ind1="0" ind2=" "><subfield code="a">per</subfield><subfield code="a">ara</subfield></datafield><datafield tag="043" ind1=" " ind2=" "><subfield code="a">n-us-mi</subfield><subfield code="a">ff-----</subfield><subfield code="a">aw-----</subfield><subfield code="a">e-sp---</subfield></datafield><datafield tag="100" ind1="1" ind2=" "><subfield code="6">880-01</subfield><subfield code="a">Kāshifī, Ḥusayn Vāʻiẓ,</subfield><subfield code="d">-1504 or 1505.</subfield></datafield><datafield tag="245" ind1="1" ind2="0"><subfield code="6">880-02</subfield><subfield code="a">Akhlāq-i Muḥsinī,</subfield><subfield code="f">[922, i.e. 1516].</subfield></datafield><datafield tag="246" ind1="3" ind2=" "><subfield code="6">880-04</subfield><subfield code="i">Title from incipit page [fol.2b]:</subfield><subfield code="a">Akhlāq al-Muḥsinīn</subfield></datafield><datafield tag="246" ind1="3" ind2=" "><subfield code="6">880-03</subfield><subfield code="i">Title from fol.2a:</subfield><subfield code="a">Kitāb Akhlāq al-Muḥsinīn</subfield></datafield><datafield tag="260" ind1=" " ind2=" "><subfield code="c">[1516].</subfield></datafield><datafield tag="300" ind1=" " ind2=" "><subfield code="a">184 leaves :</subfield><subfield code="b">paper ;</subfield><subfield code="c">245 x 165 (160 x 95) mm. bound to 245 x 175 mm.</subfield></datafield><datafield tag="500" ind1=" " ind2=" "><subfield code="a">Shelfmark: Ann Arbor, University of Michigan, Special Collections Library, Isl. Ms. 271</subfield></datafield><datafield tag="500" ind1=" " ind2=" "><subfield code="a">Origin: Versified chronogram at end (fol.182b, "اخلاق محسنى") gives dating for completion of composition; this reading, without the preposition "ز", yields the more widely accepted date of 900 H. As appears in colophon on fol.182b, copied by Maḥmūd ibn Najīb. Transcription finished ("tamma al-kitāb bi-ʻawn al-Malik al-Wahhāb taḥrīran fī tārīkh...") 12 Rabīʻ I 922 [ca. 15 April 1516].</subfield></datafield><datafield tag="500" ind1=" " ind2=" "><subfield code="a">Binding: Pasteboard covered in red-brown leather; Type II binding (with flap); upper and lower covers bear gold-stamped central mandorla (Déroche class. NSh1) with pendants and simple gold rule-border; smaller mandorla on envelope flap; doublures in light-blue coated paper embossed with vegetal pattern; in good condition.</subfield></datafield><datafield tag="500" ind1=" " ind2=" "><subfield code="a">Support: Persian laid paper; laid lines oriented vertically but too faint to count; chain lines not visible; flyleaves are fashioned from a light-blue coated paper, embossed with a vegetal pattern, that is also used for the doublures.</subfield></datafield><datafield tag="500" ind1=" " ind2=" "><subfield code="a">Decoration: Illuminated headpiece on fol.2b; marvelously rendered in two rectangular panels; lower panel contains the basmalah, executed in red nastaʻlīq, in a central cartouche flanked by two, smaller palmette-like lozenges; lower panel is framed by an elaborite golden braid; background is predominantly lapis-lazuli, with vegetal/floral patterns executed in gold, red, pink, green, black, and white; upper panel continues the background motif and color palette; three small, predominantly black, palmette-like lozenges serve as the pivot for the repeating vegetal pattern in this panel, but these are subdued figures and are rather absorbed into the lapis-lazuli background and intriquate vine patterns; upper panel is surmounted by five verticle, decorative stalks; written area framed by a rule-border in dark blue, black, and gold; gold frames set off verses and some chapter titles; text is polychrome, with main text in black, Arabic quotations in dark blue, gold, and occasionally red, and chapter titles in dark blue or gold; the words "شعر" and "بيت" as they occur throughout the text introducing verses of poetry are rendered in red and blue, and occasionally, gold; main text of incipit page decorated with gilt cloudbands.</subfield></datafield><datafield tag="500" ind1=" " ind2=" "><subfield code="a">Script: Main text in nastaʻlīq; chapter headings in tawqīʻ; Arabic quotations of Qur'anic verses and Hadith in naskh and vocalized; basmalah in cartouche of illuminated headpiece in nastaʻlīq.</subfield></datafield><datafield tag="500" ind1=" " ind2=" "><subfield code="a">Layout: Written in 15 lines per page.</subfield></datafield><datafield tag="500" ind1=" " ind2=" "><subfield code="a">Collation: ii, 23 IV (184), i; quaternions; cacthwords present; pagination in pencil, Western numerals, referenced in cataloguing; foliation in red ink, Hindu-Arabic numerals, begins with ١ on fol.3a (Western pagination) and concludes with ١۸۰ on fol.182a; fihrist of chapter titles (fol.6a-7a) corresponds with foliation.</subfield></datafield><datafield tag="500" ind1=" " ind2=" "><subfield code="a">Dedication: Composed for Shāh Abū al-Muḥsin (شاه ابو المحسن ), one of the sons of the Tīmūrid pādishāh Ḥusayn Bāyqarā, on the occasion of his coming to court (in Herat) from Marv (see fol.4a-4b, Western pagination).</subfield></datafield><datafield tag="500" ind1=" " ind2=" "><subfield code="a">Colophon: "Scribal," triangular, in Arabic, reads: "رب اختم بالخير والحسنى تمت [كذا] الكتاب بعون الملك الوهاب تحريرا في تاريخ اثنى عشر شهر ربيع الاول سنه اثنى عشرين و تسعمايه بخط العبد الحبيب [المجيب ؟] محمود بن نجيب"</subfield></datafield><datafield tag="500" ind1=" " ind2=" "><subfield code="a">Explicit: "با خامه گفتم ای كه زهر ساختى قدم وز مقدم تو چشم سخن يافت روشنى اخلاق محسنى بتامى نوشته تاريخ هم نويس ز اخلاق محسنى"</subfield></datafield><datafield tag="500" ind1=" " ind2=" "><subfield code="a">Incipit: "حضرت يادشاه على الاطلاق غرت كلمته و جلت عظمته منشور دولت سلطان المرسلين"</subfield></datafield><datafield tag="500" ind1=" " ind2=" "><subfield code="a">Title from opening on fol.5a.</subfield></datafield><datafield tag="500" ind1=" " ind2=" "><subfield code="a">Ms. codex.</subfield></datafield><datafield tag="510" ind1="4" ind2=" "><subfield code="a">Cat. Pers. MSS. Brit. Mus.,</subfield><subfield code="c">p. 443</subfield></datafield><datafield tag="520" ind1="8" ind2=" "><subfield code="a">A work on ethics in 40 chapters, composed by Kāshifī for Shāh Abū al-Muḥsin, a son of Sulṭān Ḥusayn Bāyqarā. Description provided by Derek Mancini-Lander.</subfield></datafield><datafield tag="538" ind1=" " ind2=" "><subfield code="a">Mode of access: Internet.</subfield></datafield><datafield tag="541" ind1=" " ind2=" "><subfield code="c">Purchase ;</subfield><subfield code="a">Acquired by purchase (funds donated by Horace Rackham).</subfield><subfield code="d">1924.</subfield></datafield><datafield tag="546" ind1=" " ind2=" "><subfield code="a">Persian and Arabic.</subfield></datafield><datafield tag="561" ind1=" " ind2=" "><subfield code="a">Fol.2a bears several marks of possession, including: a circular/oval seal impression with inscription in nastaʻlīq script, "ختم الله بالايمان احمد عبده", a faint oval seal impression with illegible inscription in ornate divani script, another circular seal impression nearly entirely effaced, and a partially pointed ownership statement in Ottoman Turkish, begins: "بو كتاب مبارك ومتين در اصحاب سعاداتدن هر..." ; other statements on fol.2a have been deliberately effaced; codex lacks marks of collation and marginal correction, essentially a clean copy.</subfield></datafield><datafield tag="650" ind1=" " ind2="0"><subfield code="a">Manuscripts, Persian</subfield><subfield code="z">Michigan</subfield><subfield code="z">Ann Arbor.</subfield></datafield><datafield tag="650" ind1=" " ind2="0"><subfield code="a">Muslims</subfield><subfield code="x">Conduct of life</subfield><subfield code="v">Early works to 1800.</subfield></datafield><datafield tag="650" ind1=" " ind2="0"><subfield code="a">Islamic ethics</subfield><subfield code="v">Early works to 1800.</subfield></datafield><datafield tag="655" ind1=" " ind2="7"><subfield code="a">Headpieces (layout features)</subfield><subfield code="z">Islamic empire</subfield><subfield code="y">16th century.</subfield><subfield code="2">aat</subfield></datafield><datafield tag="700" ind1="0" ind2=" "><subfield code="a">Abdülhamid</subfield><subfield code="b">II,</subfield><subfield code="c">Sultan of the Turks,</subfield><subfield code="d">1842-1918,</subfield><subfield code="e">former owner.</subfield></datafield><datafield tag="700" ind1="0" ind2=" "><subfield code="6">880-05</subfield><subfield code="a">Maḥmūd ibn Najīb,</subfield><subfield code="d">flourished 1516,</subfield><subfield code="e">scribe.</subfield></datafield><datafield tag="773" ind1="0" ind2=" "><subfield code="a">Abdul Hamid Collection.</subfield></datafield><datafield tag="880" ind1="0" ind2=" "><subfield code="6">700-05/</subfield><subfield code="a">محمود بن نجيب,</subfield><subfield code="e">ناسخ.</subfield></datafield><datafield tag="880" ind1="3" ind2=" "><subfield code="6">246-04/</subfield><subfield code="a">اخلاق المحسنين</subfield></datafield><datafield tag="880" ind1="3" ind2=" "><subfield code="6">246-03/</subfield><subfield code="a">كتاب اخلاق المحسنين</subfield></datafield><datafield tag="880" ind1="1" ind2="0"><subfield code="6">245-02/</subfield><subfield code="a">اخلاق محسنى,</subfield><subfield code="f">[922ه, 1516م].</subfield></datafield><datafield tag="880" ind1="1" ind2=" "><subfield code="6">100-01/</subfield><subfield code="a">كاشفي, حسين واعظ.</subfield></datafield><datafield tag="CID" ind1=" " ind2=" "><subfield code="a">006805292</subfield></datafield><datafield tag="DAT" ind1="0" ind2=" "><subfield code="a">20190719102637.0</subfield><subfield code="b">20190719000000.0</subfield></datafield><datafield tag="DAT" ind1="1" ind2=" "><subfield code="a">20190719090653.0</subfield><subfield code="b">2019-07-19T16:11:33Z</subfield></datafield><datafield tag="DAT" ind1="2" ind2=" "><subfield code="a">2015-10-10T18:00:06Z</subfield></datafield><datafield tag="CAT" ind1=" " ind2=" "><subfield code="a">SDR-MIU</subfield><subfield code="d">EX LIBRIS - ALEPH</subfield><subfield code="l">prepare.pl-004-008</subfield></datafield><datafield tag="FMT" ind1=" " ind2=" "><subfield code="a">BK</subfield></datafield><datafield tag="HOL" ind1=" " ind2=" "><subfield code="0">sdr-miu006805292</subfield><subfield code="a">MiU</subfield><subfield code="b">SDR</subfield><subfield code="c">MIU</subfield><subfield code="p">mdp.39015079127331</subfield><subfield code="s">MIU</subfield><subfield code="1">006805292</subfield></datafield><datafield tag="974" ind1=" " ind2=" "><subfield code="b">MIU</subfield><subfield code="c">MIU</subfield><subfield code="d">20190719</subfield><subfield code="s">lit-dlps-dc</subfield><subfield code="u">mdp.39015079127331</subfield><subfield code="y">1516</subfield><subfield code="r">pd</subfield><subfield code="q">bib</subfield><subfield code="t">non-US bib date1 &lt; 1879</subfield></datafield></record></collection>